@article{Ejemplo1,
  author = {Hemavathi, S.
Shinisha, A.},
  title = {A study on trends and developments in electric vehicle charging technologies},
  journal = {Modeling of Transport Demand},
  year = {2022},
  volume = {52},
  number = {105013},
  pages = {105013},
  doi = {10.1016/J.EST.2022.105013}
}
@article{Ejemplo2,
  author = {de Carvalho, Enio Nascimento
Pinho Brasil Junior},
  title = {Energy impact assessment of electric vehicle insertion in the Brazilian scenario, 2020 â€“ 2050: a machine learning approach to fleet projection},
  journal = {Modeling of Transport Demand},
  year = {2023},
  volume = {4},
  number = {1},
  pages = {100184},
  doi = {10.1016/J.PRIME.2023.100184}
}

@article{Ejemplo3,
  author = {Chen, Yupu
Huang},
  title = {Density-based clustering multiple linear regression model of energy consumption for electric vehicles},
  journal = {Sustainable Energy Technologies and Assessments},
  year = {2022},
  volume = {53},
  number = {1},
  pages = {102614},
  doi = {10.1016/J.SETA.2022.102614}
}

@article{Ejemplo4,
  author = {Chen, Yupu
Huang},
  title = {Density-based clustering multiple linear regression model of energy consumption for electric vehicles},
  journal = {Sustainable Energy Technologies and Assessments},
  year = {2022},
  volume = {53},
  number = {1},
  pages = {102614},
  doi = {10.1016/J.SETA.2022.102614}
}